[{"month":"2022-06","paid_revenue":2243.97,"sent_revenue":0},{"month":"2022-07","paid_revenue":815,"sent_revenue":0},{"month":"2022-08","paid_revenue":2285,"sent_revenue":0},{"month":"2022-09","paid_revenue":1050,"sent_revenue":0},{"month":"2022-10","paid_revenue":1585,"sent_revenue":0},{"month":"2022-11","paid_revenue":473.81,"sent_revenue":660},{"month":"2022-12","paid_revenue":180,"sent_revenue":852.86},{"month":"2023-01","paid_revenue":1587.75,"sent_revenue":0},{"month":"2023-02","paid_revenue":845.05,"sent_revenue":0},{"month":"2023-03","paid_revenue":1419.54,"sent_revenue":0},{"month":"2023-04","paid_revenue":1000,"sent_revenue":0},{"month":"2023-05","paid_revenue":2301.41,"sent_revenue":0},{"month":"2023-06","paid_revenue":360,"sent_revenue":0},{"month":"2023-07","paid_revenue":1912.34,"sent_revenue":0},{"month":"2023-08","paid_revenue":1556.49,"sent_revenue":0},{"month":"2023-09","paid_revenue":1296.89,"sent_revenue":0},{"month":"2023-10","paid_revenue":1272.01,"sent_revenue":0},{"month":"2023-11","paid_revenue":1445,"sent_revenue":0},{"month":"2023-12","paid_revenue":108.3,"sent_revenue":0},{"month":"2024-01","paid_revenue":70,"sent_revenue":0},{"month":"2024-02","paid_revenue":4039.41,"sent_revenue":0},{"month":"2024-03","paid_revenue":1754.33,"sent_revenue":0},{"month":"2024-04","paid_revenue":1243.81,"sent_revenue":0},{"month":"2024-05","paid_revenue":568.57,"sent_revenue":0},{"month":"2024-06","paid_revenue":2818.28,"sent_revenue":0},{"month":"2024-07","paid_revenue":2818.69,"sent_revenue":0},{"month":"2024-08","paid_revenue":1226.97,"sent_revenue":0},{"month":"2024-09","paid_revenue":680,"sent_revenue":0},{"month":"2024-10","paid_revenue":940,"sent_revenue":0},{"month":"2024-11","paid_revenue":1208.35,"sent_revenue":0},{"month":"2024-12","paid_revenue":2475,"sent_revenue":0},{"month":"2025-01","paid_revenue":162.45,"sent_revenue":0},{"month":"2025-02","paid_revenue":882.73,"sent_revenue":555.04},{"month":"2025-03","paid_revenue":0,"sent_revenue":810},{"month":"2025-04","paid_revenue":700,"sent_revenue":0},{"month":"2025-05","paid_revenue":0,"sent_revenue":625}]
